<record><leader>00000cas a2200000 i 4500</leader><controlfield tag="001">908144035</controlfield><controlfield tag="006">m     o  d        </controlfield><controlfield tag="007">cr |||||||||||</controlfield><controlfield tag="008">150429d19091920mtuwr neo     0   a0eng  </controlfield><datafield ind1=" " ind2=" " tag="010"><subfield code="a">  2015218692</subfield></datafield><datafield ind1=" " ind2=" " tag="040"><subfield code="a">DLC</subfield><subfield code="b">eng</subfield><subfield code="e">rda</subfield><subfield code="c">DLC</subfield><subfield code="d">OCLCF</subfield></datafield><datafield ind1="0" ind2=" " tag="022"><subfield code="a">2378-8291</subfield><subfield code="2">1</subfield></datafield><datafield ind1=" " ind2=" " tag="042"><subfield code="a">pcc</subfield><subfield code="a">nsdp</subfield></datafield><datafield ind1=" " ind2=" " tag="043"><subfield code="a">n-us-mt</subfield></datafield><datafield ind1="1" ind2="0" tag="050"><subfield code="a">ISSN RECORD</subfield></datafield><datafield ind1="0" ind2="0" tag="082"><subfield code="a">071</subfield><subfield code="2">23</subfield></datafield><datafield ind1=" " ind2="4" tag="222"><subfield code="a">The Ekalaka eagle</subfield><subfield code="b">(Online)</subfield></datafield><datafield ind1="0" ind2="4" tag="245"><subfield code="a">The Ekalaka eagle.</subfield></datafield><datafield ind1=" " ind2="1" tag="264"><subfield code="a">Ekalaka, (Custer County), Montana :</subfield><subfield code="b">O. A. Dahl</subfield></datafield><datafield ind1=" " ind2=" " tag="300"><subfield code="a">1 online resource</subfield></datafield><datafield ind1=" " ind2=" " tag="310"><subfield code="a">Weekly</subfield></datafield><datafield ind1=" " ind2=" " tag="336"><subfield code="a">text</subfield><subfield code="b">txt</subfield><subfield code="2">rdacontent</subfield></datafield><datafield ind1=" " ind2=" " tag="337"><subfield code="a">computer</subfield><subfield code="b">c</subfield><subfield code="2">rdamedia</subfield></datafield><datafield ind1=" " ind2=" " tag="338"><subfield code="a">online resource</subfield><subfield code="b">cr</subfield><subfield code="2">rdacarrier</subfield></datafield><datafield ind1="1" ind2=" " tag="362"><subfield code="a">Began January 1, 1909; ceased June 25, 1920.</subfield></datafield><datafield ind1=" " ind2=" " tag="500"><subfield code="a">"Independent in politics," 1912-1913; "a Democratic weekly," 1914-1920.</subfield></datafield><datafield ind1=" " ind2=" " tag="500"><subfield code="a">"The official paper of Fallon County," Dec. 19, 1913-Dec. 31, 1915; "the official newspaper of Carter County," May 24, 1918-&lt;May 1919&gt;.</subfield></datafield><datafield ind1=" " ind2=" " tag="588"><subfield code="a">Description based on: Volume 1, number 14 (April 2, 1909) (Chroniclingamerica.loc.gov, viewed April 29, 2015).</subfield></datafield><datafield ind1=" " ind2=" " tag="588"><subfield code="a">Latest issue consulted: Volume VIII, number 52 (December 29, 1916) (Chroniclingamerica.loc.gov, viewed April 29, 2015).</subfield></datafield><datafield ind1=" " ind2="0" tag="651"><subfield code="a">Ekalaka (Mont.)</subfield><subfield code="v">Newspapers.</subfield></datafield><datafield ind1=" " ind2="7" tag="655"><subfield code="a">Newspapers.</subfield><subfield code="2">fast</subfield><subfield code="0">(OCoLC)fst01423814</subfield></datafield><datafield ind1=" " ind2="7" tag="651"><subfield code="a">Montana</subfield><subfield code="z">Ekalaka.</subfield><subfield code="2">fast</subfield><subfield code="0">(OCoLC)fst01254800</subfield></datafield><datafield ind1=" " ind2=" " tag="752"><subfield code="a">United States</subfield><subfield code="b">Montana</subfield><subfield code="c">Carter</subfield><subfield code="d">Ekalaka.</subfield></datafield><datafield ind1="0" ind2="8" tag="776"><subfield code="i">Originally issued in print:</subfield><subfield code="t">Ekalaka eagle</subfield><subfield code="x">2378-8283</subfield><subfield code="w">(DLC)sn 85053090</subfield><subfield code="w">(OCoLC)11887636</subfield></datafield><datafield ind1="0" ind2="7" tag="785"><subfield code="t">Beaver Valley press</subfield></datafield><datafield ind1="0" ind2="7" tag="785"><subfield code="t">Ekalaka eagle and Beaver Valley press</subfield></datafield><datafield ind1="4" ind2="0" tag="856"><subfield code="u">http://www.loc.gov/chroniclingamerica/lccn/sn85053090/issues</subfield></datafield></record>